@article{pane2018qualitative,
  title={Qualitative Evaluation of RFID Implementationon Warehouse Management System},
  author={Pane, Syafrial Fachri and Awangga, Rolly Maulana and Azhari, Bayu Rahmad},
  journal={TELKOMNIKA (Telecommunication Computing Electronics and Control)},
  volume={16},
  number={3},
  year={2018}
}
@article{awangga2018k,
  title={K Means Clustering and Meanshift Analysis for Grouping the Data of Coal Term in Puslitbang tekMIRA},
  author={Awangga, Rolly Maulana and Pane, Syafrial Fachri and Tunnisa, Khaera and Suwardi, Iping Supriana},
  journal={TELKOMNIKA (Telecommunication Computing Electronics and Control)},
  volume={16},
  number={3},
  year={2018}
}
@inproceedings{Awangga2017,
author = {Awangga, Rolly Maulana and Fathonah, Nuraini Siti and Hasanudin, Trisna Irmayadi},
booktitle = {2017 2nd International conferences on Information Technology, Information Systems and Electrical Engineering (ICITISEE)},
doi = {10.1109/ICITISEE.2017.8285506},
isbn = {978-1-5386-0658-2},
month = {nov},
pages = {255--260},
publisher = {IEEE},
title = {{Colenak: GPS tracking model for post-stroke rehabilitation program using AES-CBC URL encryption and QR-Code}},
url = {http://ieeexplore.ieee.org/document/8285506/},
year = {2017}
}
@inproceedings{yulita2017quantization,
  title={A quantization of deep belief networks for long short-term memory in sleep stage detection},
  author={Yulita, Intan Nurma and Purwani, Sri and Rosadi, Rudi and Awangga, Roly Maulana},
  booktitle={Advanced Informatics, Concepts, Theory, and Applications (ICAICTA), 2017 International Conference on},
  pages={1--5},
  year={2017},
  organization={IEEE}
}

@article{amato2017deep,
  title={Deep learning for decentralized parking lot occupancy detection},
  author={Amato, Giuseppe and Carrara, Fabio and Falchi, Fabrizio and Gennaro, Claudio and Meghini, Carlo and Vairo, Claudio},
  journal={Expert Systems with Applications},
  volume={72},
  pages={327--334},
  year={2017},
  publisher={Elsevier}
}

@article{fraifer2017designing,
  title={Designing a smart car parking system (PoC) prototype utilizing CCTV nodes: a vision of an IoT parking system via UCD process},
  author={Fraifer, Muftah and Fernstr{\"o}m, Mikael},
  year={2017},
  publisher={ASTES Publishers}
}

@inproceedings{fraifer2016designing,
  title={Designing an IoT Smart Parking Prototype System},
  author={Fraifer, Muftah and Fernstr{\"o}m, Mikael},
  booktitle={Thirty Seventh International Conference on Information Systems},
  year={2016}
}

@inproceedings{fraifer2016investigation,
  title={Investigation of smart parking systems and their technologies},
  author={Fraifer, Muftah and Fernstr{\"o}m, Mikael},
  booktitle={Thirty Seventh International Conference on Information Systems. IoT Smart City Challenges Applications (ISCA 2016), Dublin, Ireland},
  pages={1--14},
  year={2016}
}

@inproceedings{pala2007smart,
  title={Smart parking applications using RFID technology},
  author={Pala, Zeydin and Inanc, Nihat},
  booktitle={2007 1st Annual RFID Eurasia},
  pages={1--3},
  year={2007},
  organization={IEEE}
}

@inproceedings{li2017uav,
  title={Uav assisted smart parking solution},
  author={Li, Xin and Chuah, Mooi Choo and Bhattacharya, Subhrajit},
  booktitle={2017 International Conference on Unmanned Aircraft Systems (ICUAS)},
  pages={1006--1013},
  year={2017},
  organization={IEEE}
}





@article{supriono2015evaluasi,
  title={Evaluasi Kinerja Parkir Di Rsu Haji Surabaya},
  author={Supriono, Joko and Mudjanarko, Sri Wiwoho},
  journal={E-Jurnal Spirit Pro Patria},
  volume={1},
  number={2},
  year={2015}
}

@article{kurniawan2017analisis,
  title={ANALISIS KEBUTUHAN DAN PENATAAN RUANG PARKIR KENDARAAN (Studi Kasus Pada Lahan Parkir Kampus II Fakultas Teknik Universitas Muhammadiyah Metro)},
  author={Kurniawan, Septyanto and Surandono, Agus},
  journal={TAPAK (Teknologi Aplikasi Konstruksi): Jurnal Program Studi Teknik Sipil},
  volume={6},
  number={2},
  year={2017}
}

@article{danisia2017prototipe,
  title={Prototipe Monitoring Area Parkiran Otomatis Menggunakan Wireless Local Area Network},
  author={Danisia, Lulu and Pangaribuan, Porman and Wibawa, Ig Prasetya Dwi},
  journal={eProceedings of Engineering},
  volume={4},
  number={3},
  year={2017}
}

@article{fais2014pengembangan,
  title={Pengembangan Sistem Parkir Di Universitas Muria Kudus Dengan Menggunakan Enkripsi Data Dan Teknologi Barcode},
  author={Fais, Muhammad Noor and Susanto, Arief and Listyorini, Tri},
  journal={Simetris: Jurnal Teknik Mesin, Elektro dan Ilmu Komputer},
  volume={5},
  number={2},
  pages={173--180},
  year={2014}
}